%YAML 1.1
%TAG !u! tag:unity3d.com,2011:
--- !u!29 &1
OcclusionCullingSettings:
  m_ObjectHideFlags: 0
  serializedVersion: 2
  m_OcclusionBakeSettings:
    smallestOccluder: 5
    smallestHole: 0.25
    backfaceThreshold: 100
  m_SceneGUID: 00000000000000000000000000000000
  m_OcclusionCullingData: {fileID: 0}
--- !u!104 &2
RenderSettings:
  m_ObjectHideFlags: 0
  serializedVersion: 9
  m_Fog: 0
  m_FogColor: {r: 0.5, g: 0.5, b: 0.5, a: 1}
  m_FogMode: 3
  m_FogDensity: 0.01
  m_LinearFogStart: 0
  m_LinearFogEnd: 300
  m_AmbientSkyColor: {r: 0.212, g: 0.227, b: 0.259, a: 1}
  m_AmbientEquatorColor: {r: 0.114, g: 0.125, b: 0.133, a: 1}
  m_AmbientGroundColor: {r: 0.047, g: 0.043, b: 0.035, a: 1}
  m_AmbientIntensity: 1
  m_AmbientMode: 0
  m_SubtractiveShadowColor: {r: 0.42, g: 0.478, b: 0.627, a: 1}
  m_SkyboxMaterial: {fileID: 10304, guid: 0000000000000000f000000000000000, type: 0}
  m_HaloStrength: 0.5
  m_FlareStrength: 1
  m_FlareFadeSpeed: 3
  m_HaloTexture: {fileID: 0}
  m_SpotCookie: {fileID: 10001, guid: 0000000000000000e000000000000000, type: 0}
  m_DefaultReflectionMode: 0
  m_DefaultReflectionResolution: 128
  m_ReflectionBounces: 1
  m_ReflectionIntensity: 1
  m_CustomReflection: {fileID: 0}
  m_Sun: {fileID: 0}
  m_IndirectSpecularColor: {r: 0.44657898, g: 0.4964133, b: 0.5748178, a: 1}
  m_UseRadianceAmbientProbe: 0
--- !u!157 &3
LightmapSettings:
  m_ObjectHideFlags: 0
  serializedVersion: 11
  m_GIWorkflowMode: 0
  m_GISettings:
    serializedVersion: 2
    m_BounceScale: 1
    m_IndirectOutputScale: 1
    m_AlbedoBoost: 1
    m_EnvironmentLightingMode: 0
    m_EnableBakedLightmaps: 1
    m_EnableRealtimeLightmaps: 1
  m_LightmapEditorSettings:
    serializedVersion: 10
    m_Resolution: 2
    m_BakeResolution: 40
    m_AtlasSize: 1024
    m_AO: 0
    m_AOMaxDistance: 1
    m_CompAOExponent: 1
    m_CompAOExponentDirect: 0
    m_Padding: 2
    m_LightmapParameters: {fileID: 0}
    m_LightmapsBakeMode: 1
    m_TextureCompression: 1
    m_FinalGather: 0
    m_FinalGatherFiltering: 1
    m_FinalGatherRayCount: 256
    m_ReflectionCompression: 2
    m_MixedBakeMode: 2
    m_BakeBackend: 1
    m_PVRSampling: 1
    m_PVRDirectSampleCount: 32
    m_PVRSampleCount: 500
    m_PVRBounces: 2
    m_PVRFilterTypeDirect: 0
    m_PVRFilterTypeIndirect: 0
    m_PVRFilterTypeAO: 0
    m_PVRFilteringMode: 1
    m_PVRCulling: 1
    m_PVRFilteringGaussRadiusDirect: 1
    m_PVRFilteringGaussRadiusIndirect: 5
    m_PVRFilteringGaussRadiusAO: 2
    m_PVRFilteringAtrousPositionSigmaDirect: 0.5
    m_PVRFilteringAtrousPositionSigmaIndirect: 2
    m_PVRFilteringAtrousPositionSigmaAO: 1
    m_ShowResolutionOverlay: 1
  m_LightingDataAsset: {fileID: 0}
  m_UseShadowmask: 1
--- !u!196 &4
NavMeshSettings:
  serializedVersion: 2
  m_ObjectHideFlags: 0
  m_BuildSettings:
    serializedVersion: 2
    agentTypeID: 0
    agentRadius: 0.5
    agentHeight: 2
    agentSlope: 45
    agentClimb: 0.4
    ledgeDropHeight: 0
    maxJumpAcrossDistance: 0
    minRegionArea: 2
    manualCellSize: 0
    cellSize: 0.16666667
    manualTileSize: 0
    tileSize: 256
    accuratePlacement: 0
    debug:
      m_Flags: 0
  m_NavMeshData: {fileID: 0}
--- !u!1 &612025247
GameObject:
  m_ObjectHideFlags: 0
  m_CorrespondingSourceObject: {fileID: 0}
  m_PrefabInstance: {fileID: 0}
  m_PrefabAsset: {fileID: 0}
  serializedVersion: 6
  m_Component:
  - component: {fileID: 612025248}
  - component: {fileID: 612025251}
  - component: {fileID: 612025250}
  - component: {fileID: 612025249}
  m_Layer: 0
  m_Name: Player
  m_TagString: Untagged
  m_Icon: {fileID: 0}
  m_NavMeshLayer: 0
  m_StaticEditorFlags: 0
  m_IsActive: 1
--- !u!4 &612025248
Transform:
  m_ObjectHideFlags: 0
  m_CorrespondingSourceObject: {fileID: 0}
  m_PrefabInstance: {fileID: 0}
  m_PrefabAsset: {fileID: 0}
  m_GameObject: {fileID: 612025247}
  m_LocalRotation: {x: 0, y: 0, z: 0, w: 1}
  m_LocalPosition: {x: 0, y: 0, z: 0}
  m_LocalScale: {x: 1, y: 1, z: 1}
  m_Children: []
  m_Father: {fileID: 787684808}
  m_RootOrder: 0
  m_LocalEulerAnglesHint: {x: 0, y: 0, z: 0}
--- !u!136 &612025249
CapsuleCollider:
  m_ObjectHideFlags: 0
  m_CorrespondingSourceObject: {fileID: 0}
  m_PrefabInstance: {fileID: 0}
  m_PrefabAsset: {fileID: 0}
  m_GameObject: {fileID: 612025247}
  m_Material: {fileID: 0}
  m_IsTrigger: 0
  m_Enabled: 1
  m_Radius: 0.5
  m_Height: 2
  m_Direction: 1
  m_Center: {x: 0, y: 0, z: 0}
--- !u!23 &612025250
MeshRenderer:
  m_ObjectHideFlags: 0
  m_CorrespondingSourceObject: {fileID: 0}
  m_PrefabInstance: {fileID: 0}
  m_PrefabAsset: {fileID: 0}
  m_GameObject: {fileID: 612025247}
  m_Enabled: 1
  m_CastShadows: 1
  m_ReceiveShadows: 1
  m_DynamicOccludee: 1
  m_MotionVectors: 1
  m_LightProbeUsage: 1
  m_ReflectionProbeUsage: 1
  m_RenderingLayerMask: 1
  m_RendererPriority: 0
  m_Materials:
  - {fileID: 10303, guid: 0000000000000000f000000000000000, type: 0}
  m_StaticBatchInfo:
    firstSubMesh: 0
    subMeshCount: 0
  m_StaticBatchRoot: {fileID: 0}
  m_ProbeAnchor: {fileID: 0}
  m_LightProbeVolumeOverride: {fileID: 0}
  m_ScaleInLightmap: 1
  m_PreserveUVs: 0
  m_IgnoreNormalsForChartDetection: 0
  m_ImportantGI: 0
  m_StitchLightmapSeams: 0
  m_SelectedEditorRenderState: 3
  m_MinimumChartSize: 4
  m_AutoUVMaxDistance: 0.5
  m_AutoUVMaxAngle: 89
  m_LightmapParameters: {fileID: 0}
  m_SortingLayerID: 0
  m_SortingLayer: 0
  m_SortingOrder: 0
--- !u!33 &612025251
MeshFilter:
  m_ObjectHideFlags: 0
  m_CorrespondingSourceObject: {fileID: 0}
  m_PrefabInstance: {fileID: 0}
  m_PrefabAsset: {fileID: 0}
  m_GameObject: {fileID: 612025247}
  m_Mesh: {fileID: 10208, guid: 0000000000000000e000000000000000, type: 0}
--- !u!1 &787684807
GameObject:
  m_ObjectHideFlags: 0
  m_CorrespondingSourceObject: {fileID: 0}
  m_PrefabInstance: {fileID: 0}
  m_PrefabAsset: {fileID: 0}
  serializedVersion: 6
  m_Component:
  - component: {fileID: 787684808}
  m_Layer: 0
  m_Name: '---characters---'
  m_TagString: Untagged
  m_Icon: {fileID: 0}
  m_NavMeshLayer: 0
  m_StaticEditorFlags: 0
  m_IsActive: 1
--- !u!4 &787684808
Transform:
  m_ObjectHideFlags: 0
  m_CorrespondingSourceObject: {fileID: 0}
  m_PrefabInstance: {fileID: 0}
  m_PrefabAsset: {fileID: 0}
  m_GameObject: {fileID: 787684807}
  m_LocalRotation: {x: 0, y: 0, z: 0, w: 1}
  m_LocalPosition: {x: 0, y: 0, z: 0}
  m_LocalScale: {x: 1, y: 1, z: 1}
  m_Children:
  - {fileID: 612025248}
  - {fileID: 1490558213}
  m_Father: {fileID: 0}
  m_RootOrder: 2
  m_LocalEulerAnglesHint: {x: 0, y: 0, z: 0}
--- !u!1 &1328635731
GameObject:
  m_ObjectHideFlags: 0
  m_CorrespondingSourceObject: {fileID: 0}
  m_PrefabInstance: {fileID: 0}
  m_PrefabAsset: {fileID: 0}
  serializedVersion: 6
  m_Component:
  - component: {fileID: 1328635733}
  - component: {fileID: 1328635732}
  m_Layer: 0
  m_Name: Directional Light
  m_TagString: Untagged
  m_Icon: {fileID: 0}
  m_NavMeshLayer: 0
  m_StaticEditorFlags: 0
  m_IsActive: 1
--- !u!108 &1328635732
Light:
  m_ObjectHideFlags: 0
  m_CorrespondingSourceObject: {fileID: 0}
  m_PrefabInstance: {fileID: 0}
  m_PrefabAsset: {fileID: 0}
  m_GameObject: {fileID: 1328635731}
  m_Enabled: 1
  serializedVersion: 8
  m_Type: 1
  m_Color: {r: 1, g: 0.95686275, b: 0.8392157, a: 1}
  m_Intensity: 1
  m_Range: 10
  m_SpotAngle: 30
  m_CookieSize: 10
  m_Shadows:
    m_Type: 2
    m_Resolution: -1
    m_CustomResolution: -1
    m_Strength: 1
    m_Bias: 0.05
    m_NormalBias: 0.4
    m_NearPlane: 0.2
  m_Cookie: {fileID: 0}
  m_DrawHalo: 0
  m_Flare: {fileID: 0}
  m_RenderMode: 0
  m_CullingMask:
    serializedVersion: 2
    m_Bits: 4294967295
  m_Lightmapping: 4
  m_LightShadowCasterMode: 0
  m_AreaSize: {x: 1, y: 1}
  m_BounceIntensity: 1
  m_ColorTemperature: 6570
  m_UseColorTemperature: 0
  m_ShadowRadius: 0
  m_ShadowAngle: 0
--- !u!4 &1328635733
Transform:
  m_ObjectHideFlags: 0
  m_CorrespondingSourceObject: {fileID: 0}
  m_PrefabInstance: {fileID: 0}
  m_PrefabAsset: {fileID: 0}
  m_GameObject: {fileID: 1328635731}
  m_LocalRotation: {x: 0.40821788, y: -0.23456968, z: 0.10938163, w: 0.8754261}
  m_LocalPosition: {x: -36.1, y: 2.07, z: 0}
  m_LocalScale: {x: 1, y: 1, z: 1}
  m_Children: []
  m_Father: {fileID: 0}
  m_RootOrder: 1
  m_LocalEulerAnglesHint: {x: 50, y: -30, z: 0}
--- !u!1 &1379482645
GameObject:
  m_ObjectHideFlags: 0
  m_CorrespondingSourceObject: {fileID: 0}
  m_PrefabInstance: {fileID: 0}
  m_PrefabAsset: {fileID: 0}
  serializedVersion: 6
  m_Component:
  - component: {fileID: 1379482648}
  - component: {fileID: 1379482647}
  - component: {fileID: 1379482646}
  m_Layer: 0
  m_Name: Main Camera
  m_TagString: MainCamera
  m_Icon: {fileID: 0}
  m_NavMeshLayer: 0
  m_StaticEditorFlags: 0
  m_IsActive: 1
--- !u!81 &1379482646
AudioListener:
  m_ObjectHideFlags: 0
  m_CorrespondingSourceObject: {fileID: 0}
  m_PrefabInstance: {fileID: 0}
  m_PrefabAsset: {fileID: 0}
  m_GameObject: {fileID: 1379482645}
  m_Enabled: 1
--- !u!20 &1379482647
Camera:
  m_ObjectHideFlags: 0
  m_CorrespondingSourceObject: {fileID: 0}
  m_PrefabInstance: {fileID: 0}
  m_PrefabAsset: {fileID: 0}
  m_GameObject: {fileID: 1379482645}
  m_Enabled: 1
  serializedVersion: 2
  m_ClearFlags: 1
  m_BackGroundColor: {r: 1, g: 1, b: 1, a: 0}
  m_projectionMatrixMode: 1
  m_SensorSize: {x: 36, y: 24}
  m_LensShift: {x: 0, y: 0}
  m_GateFitMode: 2
  m_FocalLength: 50
  m_NormalizedViewPortRect:
    serializedVersion: 2
    x: 0
    y: 0
    width: 1
    height: 1
  near clip plane: 0.3
  far clip plane: 1000
  field of view: 60
  orthographic: 0
  orthographic size: 5
  m_Depth: -1
  m_CullingMask:
    serializedVersion: 2
    m_Bits: 4294967295
  m_RenderingPath: -1
  m_TargetTexture: {fileID: 0}
  m_TargetDisplay: 0
  m_TargetEye: 3
  m_HDR: 1
  m_AllowMSAA: 1
  m_AllowDynamicResolution: 0
  m_ForceIntoRT: 0
  m_OcclusionCulling: 1
  m_StereoConvergence: 10
  m_StereoSeparation: 0.022
--- !u!4 &1379482648
Transform:
  m_ObjectHideFlags: 0
  m_CorrespondingSourceObject: {fileID: 0}
  m_PrefabInstance: {fileID: 0}
  m_PrefabAsset: {fileID: 0}
  m_GameObject: {fileID: 1379482645}
  m_LocalRotation: {x: 0, y: 0, z: 0, w: 1}
  m_LocalPosition: {x: 0, y: 1, z: -28.8}
  m_LocalScale: {x: 1, y: 1, z: 1}
  m_Children: []
  m_Father: {fileID: 0}
  m_RootOrder: 0
  m_LocalEulerAnglesHint: {x: 0, y: 0, z: 0}
--- !u!4 &1490558213 stripped
Transform:
  m_CorrespondingSourceObject: {fileID: 4082334085056452, guid: 8c2834b24c6868241a411d67241aa8e8,
    type: 3}
  m_PrefabInstance: {fileID: 1993273522}
  m_PrefabAsset: {fileID: 0}
--- !u!1 &1951714236
GameObject:
  m_ObjectHideFlags: 0
  m_CorrespondingSourceObject: {fileID: 5795830992073455582, guid: bf99b3d8318dba547a507d4666109e97,
    type: 3}
  m_PrefabInstance: {fileID: 5795830990667005026}
  m_PrefabAsset: {fileID: 0}
  serializedVersion: 6
  m_Component:
  - component: {fileID: 1951714237}
  m_Layer: 0
  m_Name: Structure1
  m_TagString: Untagged
  m_Icon: {fileID: 0}
  m_NavMeshLayer: 0
  m_StaticEditorFlags: 0
  m_IsActive: 1
--- !u!4 &1951714237
Transform:
  m_ObjectHideFlags: 0
  m_CorrespondingSourceObject: {fileID: 5795830992073455583, guid: bf99b3d8318dba547a507d4666109e97,
    type: 3}
  m_PrefabInstance: {fileID: 5795830990667005026}
  m_PrefabAsset: {fileID: 0}
  m_GameObject: {fileID: 1951714236}
  m_LocalRotation: {x: 0, y: 0, z: 0, w: 1}
  m_LocalPosition: {x: 3.6, y: 0, z: -19.44}
  m_LocalScale: {x: 1, y: 1, z: 1}
  m_Children:
  - {fileID: 8358347082133728987}
  - {fileID: 4746974473597224923}
  - {fileID: 3059233891447651489}
  m_Father: {fileID: 0}
  m_RootOrder: 6
  m_LocalEulerAnglesHint: {x: 0, y: 0, z: 0}
--- !u!1001 &1993273522
PrefabInstance:
  m_ObjectHideFlags: 0
  serializedVersion: 2
  m_Modification:
    m_TransformParent: {fileID: 787684808}
    m_Modifications:
    - target: {fileID: 1354981338223064, guid: 8c2834b24c6868241a411d67241aa8e8, type: 3}
      propertyPath: m_Name
      value: roboto
      objectReference: {fileID: 0}
    - target: {fileID: 1354981338223064, guid: 8c2834b24c6868241a411d67241aa8e8, type: 3}
      propertyPath: m_IsActive
      value: 1
      objectReference: {fileID: 0}
    - target: {fileID: 4082334085056452, guid: 8c2834b24c6868241a411d67241aa8e8, type: 3}
      propertyPath: m_LocalPosition.x
      value: -6.52
      objectReference: {fileID: 0}
    - target: {fileID: 4082334085056452, guid: 8c2834b24c6868241a411d67241aa8e8, type: 3}
      propertyPath: m_LocalPosition.y
      value: -1
      objectReference: {fileID: 0}
    - target: {fileID: 4082334085056452, guid: 8c2834b24c6868241a411d67241aa8e8, type: 3}
      propertyPath: m_LocalPosition.z
      value: 4.44
      objectReference: {fileID: 0}
    - target: {fileID: 4082334085056452, guid: 8c2834b24c6868241a411d67241aa8e8, type: 3}
      propertyPath: m_LocalRotation.x
      value: 0
      objectReference: {fileID: 0}
    - target: {fileID: 4082334085056452, guid: 8c2834b24c6868241a411d67241aa8e8, type: 3}
      propertyPath: m_LocalRotation.y
      value: 0.7071068
      objectReference: {fileID: 0}
    - target: {fileID: 4082334085056452, guid: 8c2834b24c6868241a411d67241aa8e8, type: 3}
      propertyPath: m_LocalRotation.z
      value: 0
      objectReference: {fileID: 0}
    - target: {fileID: 4082334085056452, guid: 8c2834b24c6868241a411d67241aa8e8, type: 3}
      propertyPath: m_LocalRotation.w
      value: 0.7071068
      objectReference: {fileID: 0}
    - target: {fileID: 4082334085056452, guid: 8c2834b24c6868241a411d67241aa8e8, type: 3}
      propertyPath: m_RootOrder
      value: 1
      objectReference: {fileID: 0}
    - target: {fileID: 4082334085056452, guid: 8c2834b24c6868241a411d67241aa8e8, type: 3}
      propertyPath: m_LocalEulerAnglesHint.x
      value: 0
      objectReference: {fileID: 0}
    - target: {fileID: 4082334085056452, guid: 8c2834b24c6868241a411d67241aa8e8, type: 3}
      propertyPath: m_LocalEulerAnglesHint.y
      value: 90
      objectReference: {fileID: 0}
    - target: {fileID: 4082334085056452, guid: 8c2834b24c6868241a411d67241aa8e8, type: 3}
      propertyPath: m_LocalEulerAnglesHint.z
      value: 0
      objectReference: {fileID: 0}
    - target: {fileID: 4082334085056452, guid: 8c2834b24c6868241a411d67241aa8e8, type: 3}
      propertyPath: m_LocalScale.x
      value: 3
      objectReference: {fileID: 0}
    - target: {fileID: 4082334085056452, guid: 8c2834b24c6868241a411d67241aa8e8, type: 3}
      propertyPath: m_LocalScale.y
      value: 3
      objectReference: {fileID: 0}
    - target: {fileID: 4082334085056452, guid: 8c2834b24c6868241a411d67241aa8e8, type: 3}
      propertyPath: m_LocalScale.z
      value: 3
      objectReference: {fileID: 0}
    - target: {fileID: 4321197865538700, guid: 8c2834b24c6868241a411d67241aa8e8, type: 3}
      propertyPath: m_LocalScale.x
      value: 1
      objectReference: {fileID: 0}
    m_RemovedComponents: []
  m_SourcePrefab: {fileID: 100100000, guid: 8c2834b24c6868241a411d67241aa8e8, type: 3}
--- !u!1001 &1704239919587627173
PrefabInstance:
  m_ObjectHideFlags: 0
  serializedVersion: 2
  m_Modification:
    m_TransformParent: {fileID: 0}
    m_Modifications:
    - target: {fileID: 1704239919641346313, guid: 6b8d9101c6797184989eaa8ab684c2f9,
        type: 3}
      propertyPath: m_Name
      value: Structure2
      objectReference: {fileID: 0}
    - target: {fileID: 1704239919641346312, guid: 6b8d9101c6797184989eaa8ab684c2f9,
        type: 3}
      propertyPath: m_LocalPosition.x
      value: -3.86
      objectReference: {fileID: 0}
    - target: {fileID: 1704239919641346312, guid: 6b8d9101c6797184989eaa8ab684c2f9,
        type: 3}
      propertyPath: m_LocalPosition.y
      value: -13.8
      objectReference: {fileID: 0}
    - target: {fileID: 1704239919641346312, guid: 6b8d9101c6797184989eaa8ab684c2f9,
        type: 3}
      propertyPath: m_LocalPosition.z
      value: -42.313
      objectReference: {fileID: 0}
    - target: {fileID: 1704239919641346312, guid: 6b8d9101c6797184989eaa8ab684c2f9,
        type: 3}
      propertyPath: m_LocalRotation.x
      value: 0
      objectReference: {fileID: 0}
    - target: {fileID: 1704239919641346312, guid: 6b8d9101c6797184989eaa8ab684c2f9,
        type: 3}
      propertyPath: m_LocalRotation.y
      value: 0
      objectReference: {fileID: 0}
    - target: {fileID: 1704239919641346312, guid: 6b8d9101c6797184989eaa8ab684c2f9,
        type: 3}
      propertyPath: m_LocalRotation.z
      value: 0
      objectReference: {fileID: 0}
    - target: {fileID: 1704239919641346312, guid: 6b8d9101c6797184989eaa8ab684c2f9,
        type: 3}
      propertyPath: m_LocalRotation.w
      value: 1
      objectReference: {fileID: 0}
    - target: {fileID: 1704239919641346312, guid: 6b8d9101c6797184989eaa8ab684c2f9,
        type: 3}
      propertyPath: m_RootOrder
      value: 5
      objectReference: {fileID: 0}
    - target: {fileID: 1704239919641346312, guid: 6b8d9101c6797184989eaa8ab684c2f9,
        type: 3}
      propertyPath: m_LocalEulerAnglesHint.x
      value: 0
      objectReference: {fileID: 0}
    - target: {fileID: 1704239919641346312, guid: 6b8d9101c6797184989eaa8ab684c2f9,
        type: 3}
      propertyPath: m_LocalEulerAnglesHint.y
      value: 0
      objectReference: {fileID: 0}
    - target: {fileID: 1704239919641346312, guid: 6b8d9101c6797184989eaa8ab684c2f9,
        type: 3}
      propertyPath: m_LocalEulerAnglesHint.z
      value: 0
      objectReference: {fileID: 0}
    m_RemovedComponents: []
  m_SourcePrefab: {fileID: 100100000, guid: 6b8d9101c6797184989eaa8ab684c2f9, type: 3}
--- !u!1001 &1884932385523995836
PrefabInstance:
  m_ObjectHideFlags: 0
  serializedVersion: 2
  m_Modification:
    m_TransformParent: {fileID: 0}
    m_Modifications:
    - target: {fileID: 1884932385498139672, guid: 38eb91366d07d7d46a48ca56013e608e,
        type: 3}
      propertyPath: m_Name
      value: '---Level---'
      objectReference: {fileID: 0}
    - target: {fileID: 1884932385498139673, guid: 38eb91366d07d7d46a48ca56013e608e,
        type: 3}
      propertyPath: m_LocalPosition.x
      value: 0
      objectReference: {fileID: 0}
    - target: {fileID: 1884932385498139673, guid: 38eb91366d07d7d46a48ca56013e608e,
        type: 3}
      propertyPath: m_LocalPosition.y
      value: -1
      objectReference: {fileID: 0}
    - target: {fileID: 1884932385498139673, guid: 38eb91366d07d7d46a48ca56013e608e,
        type: 3}
      propertyPath: m_LocalPosition.z
      value: 0
      objectReference: {fileID: 0}
    - target: {fileID: 1884932385498139673, guid: 38eb91366d07d7d46a48ca56013e608e,
        type: 3}
      propertyPath: m_LocalRotation.x
      value: 0
      objectReference: {fileID: 0}
    - target: {fileID: 1884932385498139673, guid: 38eb91366d07d7d46a48ca56013e608e,
        type: 3}
      propertyPath: m_LocalRotation.y
      value: 0
      objectReference: {fileID: 0}
    - target: {fileID: 1884932385498139673, guid: 38eb91366d07d7d46a48ca56013e608e,
        type: 3}
      propertyPath: m_LocalRotation.z
      value: 0
      objectReference: {fileID: 0}
    - target: {fileID: 1884932385498139673, guid: 38eb91366d07d7d46a48ca56013e608e,
        type: 3}
      propertyPath: m_LocalRotation.w
      value: 1
      objectReference: {fileID: 0}
    - target: {fileID: 1884932385498139673, guid: 38eb91366d07d7d46a48ca56013e608e,
        type: 3}
      propertyPath: m_RootOrder
      value: 3
      objectReference: {fileID: 0}
    - target: {fileID: 1884932385498139673, guid: 38eb91366d07d7d46a48ca56013e608e,
        type: 3}
      propertyPath: m_LocalEulerAnglesHint.x
      value: 0
      objectReference: {fileID: 0}
    - target: {fileID: 1884932385498139673, guid: 38eb91366d07d7d46a48ca56013e608e,
        type: 3}
      propertyPath: m_LocalEulerAnglesHint.y
      value: 0
      objectReference: {fileID: 0}
    - target: {fileID: 1884932385498139673, guid: 38eb91366d07d7d46a48ca56013e608e,
        type: 3}
      propertyPath: m_LocalEulerAnglesHint.z
      value: 0
      objectReference: {fileID: 0}
    m_RemovedComponents: []
  m_SourcePrefab: {fileID: 100100000, guid: 38eb91366d07d7d46a48ca56013e608e, type: 3}
--- !u!1001 &2033028428374979962
PrefabInstance:
  m_ObjectHideFlags: 0
  serializedVersion: 2
  m_Modification:
    m_TransformParent: {fileID: 0}
    m_Modifications:
    - target: {fileID: 2033028429411740873, guid: 1712a08e8b09b8f47a22319e217888d4,
        type: 3}
      propertyPath: m_Name
      value: TrashSpotModel
      objectReference: {fileID: 0}
    - target: {fileID: 2033028429411740878, guid: 1712a08e8b09b8f47a22319e217888d4,
        type: 3}
      propertyPath: m_LocalPosition.x
      value: 0
      objectReference: {fileID: 0}
    - target: {fileID: 2033028429411740878, guid: 1712a08e8b09b8f47a22319e217888d4,
        type: 3}
      propertyPath: m_LocalPosition.y
      value: 0
      objectReference: {fileID: 0}
    - target: {fileID: 2033028429411740878, guid: 1712a08e8b09b8f47a22319e217888d4,
        type: 3}
      propertyPath: m_LocalPosition.z
      value: 0
      objectReference: {fileID: 0}
    - target: {fileID: 2033028429411740878, guid: 1712a08e8b09b8f47a22319e217888d4,
        type: 3}
      propertyPath: m_LocalRotation.x
      value: 0
      objectReference: {fileID: 0}
    - target: {fileID: 2033028429411740878, guid: 1712a08e8b09b8f47a22319e217888d4,
        type: 3}
      propertyPath: m_LocalRotation.y
      value: 0
      objectReference: {fileID: 0}
    - target: {fileID: 2033028429411740878, guid: 1712a08e8b09b8f47a22319e217888d4,
        type: 3}
      propertyPath: m_LocalRotation.z
      value: 0
      objectReference: {fileID: 0}
    - target: {fileID: 2033028429411740878, guid: 1712a08e8b09b8f47a22319e217888d4,
        type: 3}
      propertyPath: m_LocalRotation.w
      value: 1
      objectReference: {fileID: 0}
    - target: {fileID: 2033028429411740878, guid: 1712a08e8b09b8f47a22319e217888d4,
        type: 3}
      propertyPath: m_RootOrder
      value: 4
      objectReference: {fileID: 0}
    - target: {fileID: 2033028429411740878, guid: 1712a08e8b09b8f47a22319e217888d4,
        type: 3}
      propertyPath: m_LocalEulerAnglesHint.x
      value: 0
      objectReference: {fileID: 0}
    - target: {fileID: 2033028429411740878, guid: 1712a08e8b09b8f47a22319e217888d4,
        type: 3}
      propertyPath: m_LocalEulerAnglesHint.y
      value: 0
      objectReference: {fileID: 0}
    - target: {fileID: 2033028429411740878, guid: 1712a08e8b09b8f47a22319e217888d4,
        type: 3}
      propertyPath: m_LocalEulerAnglesHint.z
      value: 0
      objectReference: {fileID: 0}
    m_RemovedComponents: []
  m_SourcePrefab: {fileID: 100100000, guid: 1712a08e8b09b8f47a22319e217888d4, type: 3}
--- !u!33 &3030030797906196187
MeshFilter:
  m_ObjectHideFlags: 0
  m_CorrespondingSourceObject: {fileID: 8818674108705868473, guid: bf99b3d8318dba547a507d4666109e97,
    type: 3}
  m_PrefabInstance: {fileID: 5795830990667005026}
  m_PrefabAsset: {fileID: 0}
  m_GameObject: {fileID: 3061393981378157141}
  m_Mesh: {fileID: 4300000, guid: 9b62e54403e105f478adc54c17e59369, type: 3}
--- !u!23 &3037972250461751921
MeshRenderer:
  m_ObjectHideFlags: 0
  m_CorrespondingSourceObject: {fileID: 8811264351725712915, guid: bf99b3d8318dba547a507d4666109e97,
    type: 3}
  m_PrefabInstance: {fileID: 5795830990667005026}
  m_PrefabAsset: {fileID: 0}
  m_GameObject: {fileID: 3061393981378157141}
  m_Enabled: 1
  m_CastShadows: 1
  m_ReceiveShadows: 1
  m_DynamicOccludee: 1
  m_MotionVectors: 1
  m_LightProbeUsage: 1
  m_ReflectionProbeUsage: 1
  m_RenderingLayerMask: 1
  m_RendererPriority: 0
  m_Materials:
  - {fileID: 2100000, guid: 3bc6b0e54685dc2488b4f63fb67b87c1, type: 2}
  m_StaticBatchInfo:
    firstSubMesh: 0
    subMeshCount: 0
  m_StaticBatchRoot: {fileID: 0}
  m_ProbeAnchor: {fileID: 0}
  m_LightProbeVolumeOverride: {fileID: 0}
  m_ScaleInLightmap: 1
  m_PreserveUVs: 0
  m_IgnoreNormalsForChartDetection: 0
  m_ImportantGI: 0
  m_StitchLightmapSeams: 0
  m_SelectedEditorRenderState: 3
  m_MinimumChartSize: 4
  m_AutoUVMaxDistance: 0.5
  m_AutoUVMaxAngle: 89
  m_LightmapParameters: {fileID: 0}
  m_SortingLayerID: 0
  m_SortingLayer: 0
  m_SortingOrder: 0
--- !u!4 &3059233891447651489
Transform:
  m_ObjectHideFlags: 0
  m_CorrespondingSourceObject: {fileID: 8798477382302990531, guid: bf99b3d8318dba547a507d4666109e97,
    type: 3}
  m_PrefabInstance: {fileID: 5795830990667005026}
  m_PrefabAsset: {fileID: 0}
  m_GameObject: {fileID: 3061393981378157141}
  m_LocalRotation: {x: -0.7071068, y: -0, z: -0, w: 0.7071068}
  m_LocalPosition: {x: 0.31500006, y: 0, z: 1.994}
  m_LocalScale: {x: 10, y: 10, z: 10}
  m_Children: []
  m_Father: {fileID: 1951714237}
  m_RootOrder: 2
  m_LocalEulerAnglesHint: {x: 0, y: 0, z: 0}
--- !u!1 &3061393981378157141
GameObject:
  m_ObjectHideFlags: 0
  m_CorrespondingSourceObject: {fileID: 8796282203596678711, guid: bf99b3d8318dba547a507d4666109e97,
    type: 3}
  m_PrefabInstance: {fileID: 5795830990667005026}
  m_PrefabAsset: {fileID: 0}
  serializedVersion: 6
  m_Component:
  - component: {fileID: 3059233891447651489}
  - component: {fileID: 3030030797906196187}
  - component: {fileID: 3037972250461751921}
  - component: {fileID: 3070534400665407203}
  m_Layer: 0
  m_Name: wall_A (1)
  m_TagString: Untagged
  m_Icon: {fileID: 0}
  m_NavMeshLayer: 0
  m_StaticEditorFlags: 0
  m_IsActive: 1
--- !u!65 &3070534400665407203
BoxCollider:
  m_ObjectHideFlags: 0
  m_CorrespondingSourceObject: {fileID: 8859239421567791745, guid: bf99b3d8318dba547a507d4666109e97,
    type: 3}
  m_PrefabInstance: {fileID: 5795830990667005026}
  m_PrefabAsset: {fileID: 0}
  m_GameObject: {fileID: 3061393981378157141}
  m_Material: {fileID: 0}
  m_IsTrigger: 0
  m_Enabled: 1
  serializedVersion: 2
  m_Size: {x: 0.18000002, y: 0.090000026, z: 0.1800001}
  m_Center: {x: -0.000000014901161, y: 0.00000027753418, z: 0.09000003}
--- !u!1001 &3716105527652946986
PrefabInstance:
  m_ObjectHideFlags: 0
  serializedVersion: 2
  m_Modification:
    m_TransformParent: {fileID: 0}
    m_Modifications:
    - target: {fileID: 3716105526778839448, guid: ccdff10ece61fb74e8234cffafbb128b,
        type: 3}
      propertyPath: m_Name
      value: Structure4
      objectReference: {fileID: 0}
    - target: {fileID: 3716105526778839449, guid: ccdff10ece61fb74e8234cffafbb128b,
        type: 3}
      propertyPath: m_LocalPosition.x
      value: 14.63
      objectReference: {fileID: 0}
    - target: {fileID: 3716105526778839449, guid: ccdff10ece61fb74e8234cffafbb128b,
        type: 3}
      propertyPath: m_LocalPosition.y
      value: 0
      objectReference: {fileID: 0}
    - target: {fileID: 3716105526778839449, guid: ccdff10ece61fb74e8234cffafbb128b,
        type: 3}
      propertyPath: m_LocalPosition.z
      value: -18.29
      objectReference: {fileID: 0}
    - target: {fileID: 3716105526778839449, guid: ccdff10ece61fb74e8234cffafbb128b,
        type: 3}
      propertyPath: m_LocalRotation.x
      value: 0
      objectReference: {fileID: 0}
    - target: {fileID: 3716105526778839449, guid: ccdff10ece61fb74e8234cffafbb128b,
        type: 3}
      propertyPath: m_LocalRotation.y
      value: 0
      objectReference: {fileID: 0}
    - target: {fileID: 3716105526778839449, guid: ccdff10ece61fb74e8234cffafbb128b,
        type: 3}
      propertyPath: m_LocalRotation.z
      value: 0
      objectReference: {fileID: 0}
    - target: {fileID: 3716105526778839449, guid: ccdff10ece61fb74e8234cffafbb128b,
        type: 3}
      propertyPath: m_LocalRotation.w
      value: 1
      objectReference: {fileID: 0}
    - target: {fileID: 3716105526778839449, guid: ccdff10ece61fb74e8234cffafbb128b,
        type: 3}
      propertyPath: m_RootOrder
      value: 8
      objectReference: {fileID: 0}
    - target: {fileID: 3716105526778839449, guid: ccdff10ece61fb74e8234cffafbb128b,
        type: 3}
      propertyPath: m_LocalEulerAnglesHint.x
      value: 0
      objectReference: {fileID: 0}
    - target: {fileID: 3716105526778839449, guid: ccdff10ece61fb74e8234cffafbb128b,
        type: 3}
      propertyPath: m_LocalEulerAnglesHint.y
      value: 0
      objectReference: {fileID: 0}
    - target: {fileID: 3716105526778839449, guid: ccdff10ece61fb74e8234cffafbb128b,
        type: 3}
      propertyPath: m_LocalEulerAnglesHint.z
      value: 0
      objectReference: {fileID: 0}
    m_RemovedComponents: []
  m_SourcePrefab: {fileID: 100100000, guid: ccdff10ece61fb74e8234cffafbb128b, type: 3}
--- !u!65 &4690184598022027067
BoxCollider:
  m_ObjectHideFlags: 0
  m_CorrespondingSourceObject: {fileID: 1258773270366538585, guid: bf99b3d8318dba547a507d4666109e97,
    type: 3}
  m_PrefabInstance: {fileID: 5795830990667005026}
  m_PrefabAsset: {fileID: 0}
  m_GameObject: {fileID: 4753522223395548435}
  m_Material: {fileID: 0}
  m_IsTrigger: 0
  m_Enabled: 1
  serializedVersion: 2
  m_Size: {x: 0.9, y: 0.9000006, z: 0.9000004}
  m_Center: {x: 0, y: 0, z: 0.45000002}
--- !u!33 &4721119411343938771
MeshFilter:
  m_ObjectHideFlags: 0
  m_CorrespondingSourceObject: {fileID: 1290884389859977393, guid: bf99b3d8318dba547a507d4666109e97,
    type: 3}
  m_PrefabInstance: {fileID: 5795830990667005026}
  m_PrefabAsset: {fileID: 0}
  m_GameObject: {fileID: 4753522223395548435}
  m_Mesh: {fileID: 4300000, guid: a3058018622a9764c8caa259b37ba39e, type: 3}
--- !u!23 &4729630687904629871
MeshRenderer:
  m_ObjectHideFlags: 0
  m_CorrespondingSourceObject: {fileID: 1282940512839383053, guid: bf99b3d8318dba547a507d4666109e97,
    type: 3}
  m_PrefabInstance: {fileID: 5795830990667005026}
  m_PrefabAsset: {fileID: 0}
  m_GameObject: {fileID: 4753522223395548435}
  m_Enabled: 1
  m_CastShadows: 1
  m_ReceiveShadows: 1
  m_DynamicOccludee: 1
  m_MotionVectors: 1
  m_LightProbeUsage: 1
  m_ReflectionProbeUsage: 1
  m_RenderingLayerMask: 1
  m_RendererPriority: 0
  m_Materials:
  - {fileID: 2100000, guid: 8015dc356ece84c49878d380c0f403e8, type: 2}
  m_StaticBatchInfo:
    firstSubMesh: 0
    subMeshCount: 0
  m_StaticBatchRoot: {fileID: 0}
  m_ProbeAnchor: {fileID: 0}
  m_LightProbeVolumeOverride: {fileID: 0}
  m_ScaleInLightmap: 1
  m_PreserveUVs: 0
  m_IgnoreNormalsForChartDetection: 0
  m_ImportantGI: 0
  m_StitchLightmapSeams: 0
  m_SelectedEditorRenderState: 3
  m_MinimumChartSize: 4
  m_AutoUVMaxDistance: 0.5
  m_AutoUVMaxAngle: 89
  m_LightmapParameters: {fileID: 0}
  m_SortingLayerID: 0
  m_SortingLayer: 0
  m_SortingOrder: 0
--- !u!4 &4746974473597224923
Transform:
  m_ObjectHideFlags: 0
  m_CorrespondingSourceObject: {fileID: 1265029591512398777, guid: bf99b3d8318dba547a507d4666109e97,
    type: 3}
  m_PrefabInstance: {fileID: 5795830990667005026}
  m_PrefabAsset: {fileID: 0}
  m_GameObject: {fileID: 4753522223395548435}
  m_LocalRotation: {x: -0.7071068, y: -0, z: -0, w: 0.7071068}
  m_LocalPosition: {x: 1.6627102, y: 0, z: 2.08}
  m_LocalScale: {x: 1, y: 1, z: 1}
  m_Children: []
  m_Father: {fileID: 1951714237}
  m_RootOrder: 1
  m_LocalEulerAnglesHint: {x: 0, y: 0, z: 0}
--- !u!1 &4753522223395548435
GameObject:
  m_ObjectHideFlags: 0
  m_CorrespondingSourceObject: {fileID: 1268056671259890033, guid: bf99b3d8318dba547a507d4666109e97,
    type: 3}
  m_PrefabInstance: {fileID: 5795830990667005026}
  m_PrefabAsset: {fileID: 0}
  serializedVersion: 6
  m_Component:
  - component: {fileID: 4746974473597224923}
  - component: {fileID: 4721119411343938771}
  - component: {fileID: 4729630687904629871}
  - component: {fileID: 4690184598022027067}
  m_Layer: 0
  m_Name: cube_scifA
  m_TagString: Untagged
  m_Icon: {fileID: 0}
  m_NavMeshLayer: 0
  m_StaticEditorFlags: 0
  m_IsActive: 1
--- !u!1001 &5795830990667005026
PrefabInstance:
  m_ObjectHideFlags: 0
  serializedVersion: 2
  m_Modification:
    m_TransformParent: {fileID: 0}
    m_Modifications:
    - target: {fileID: 5795830992073455582, guid: bf99b3d8318dba547a507d4666109e97,
        type: 3}
      propertyPath: m_Name
      value: Structure1
      objectReference: {fileID: 0}
    - target: {fileID: 5795830992073455583, guid: bf99b3d8318dba547a507d4666109e97,
        type: 3}
      propertyPath: m_LocalPosition.x
      value: 3.6
      objectReference: {fileID: 0}
    - target: {fileID: 5795830992073455583, guid: bf99b3d8318dba547a507d4666109e97,
        type: 3}
      propertyPath: m_LocalPosition.y
      value: 0
      objectReference: {fileID: 0}
    - target: {fileID: 5795830992073455583, guid: bf99b3d8318dba547a507d4666109e97,
        type: 3}
      propertyPath: m_LocalPosition.z
      value: -19.44
      objectReference: {fileID: 0}
    - target: {fileID: 5795830992073455583, guid: bf99b3d8318dba547a507d4666109e97,
        type: 3}
      propertyPath: m_LocalRotation.x
      value: 0
      objectReference: {fileID: 0}
    - target: {fileID: 5795830992073455583, guid: bf99b3d8318dba547a507d4666109e97,
        type: 3}
      propertyPath: m_LocalRotation.y
      value: 0
      objectReference: {fileID: 0}
    - target: {fileID: 5795830992073455583, guid: bf99b3d8318dba547a507d4666109e97,
        type: 3}
      propertyPath: m_LocalRotation.z
      value: 0
      objectReference: {fileID: 0}
    - target: {fileID: 5795830992073455583, guid: bf99b3d8318dba547a507d4666109e97,
        type: 3}
      propertyPath: m_LocalRotation.w
      value: 1
      objectReference: {fileID: 0}
    - target: {fileID: 5795830992073455583, guid: bf99b3d8318dba547a507d4666109e97,
        type: 3}
      propertyPath: m_RootOrder
      value: 6
      objectReference: {fileID: 0}
    - target: {fileID: 5795830992073455583, guid: bf99b3d8318dba547a507d4666109e97,
        type: 3}
      propertyPath: m_LocalEulerAnglesHint.x
      value: 0
      objectReference: {fileID: 0}
    - target: {fileID: 5795830992073455583, guid: bf99b3d8318dba547a507d4666109e97,
        type: 3}
      propertyPath: m_LocalEulerAnglesHint.y
      value: 0
      objectReference: {fileID: 0}
    - target: {fileID: 5795830992073455583, guid: bf99b3d8318dba547a507d4666109e97,
        type: 3}
      propertyPath: m_LocalEulerAnglesHint.z
      value: 0
      objectReference: {fileID: 0}
    m_RemovedComponents: []
  m_SourcePrefab: {fileID: 100100000, guid: bf99b3d8318dba547a507d4666109e97, type: 3}
--- !u!1001 &6735946503861991768
PrefabInstance:
  m_ObjectHideFlags: 0
  serializedVersion: 2
  m_Modification:
    m_TransformParent: {fileID: 0}
    m_Modifications:
    - target: {fileID: 6735946504558929170, guid: 8f173009cb4cbf442baa0aba2ea2a400,
        type: 3}
      propertyPath: m_Name
      value: Structure7
      objectReference: {fileID: 0}
    - target: {fileID: 6735946504558929171, guid: 8f173009cb4cbf442baa0aba2ea2a400,
        type: 3}
      propertyPath: m_LocalPosition.x
      value: 9.37
      objectReference: {fileID: 0}
    - target: {fileID: 6735946504558929171, guid: 8f173009cb4cbf442baa0aba2ea2a400,
        type: 3}
      propertyPath: m_LocalPosition.y
      value: 0
      objectReference: {fileID: 0}
    - target: {fileID: 6735946504558929171, guid: 8f173009cb4cbf442baa0aba2ea2a400,
        type: 3}
      propertyPath: m_LocalPosition.z
      value: -11.79
      objectReference: {fileID: 0}
    - target: {fileID: 6735946504558929171, guid: 8f173009cb4cbf442baa0aba2ea2a400,
        type: 3}
      propertyPath: m_LocalRotation.x
      value: 0
      objectReference: {fileID: 0}
    - target: {fileID: 6735946504558929171, guid: 8f173009cb4cbf442baa0aba2ea2a400,
        type: 3}
      propertyPath: m_LocalRotation.y
      value: 0
      objectReference: {fileID: 0}
    - target: {fileID: 6735946504558929171, guid: 8f173009cb4cbf442baa0aba2ea2a400,
        type: 3}
      propertyPath: m_LocalRotation.z
      value: 0
      objectReference: {fileID: 0}
    - target: {fileID: 6735946504558929171, guid: 8f173009cb4cbf442baa0aba2ea2a400,
        type: 3}
      propertyPath: m_LocalRotation.w
      value: 1
      objectReference: {fileID: 0}
    - target: {fileID: 6735946504558929171, guid: 8f173009cb4cbf442baa0aba2ea2a400,
        type: 3}
      propertyPath: m_RootOrder
      value: 10
      objectReference: {fileID: 0}
    - target: {fileID: 6735946504558929171, guid: 8f173009cb4cbf442baa0aba2ea2a400,
        type: 3}
      propertyPath: m_LocalEulerAnglesHint.x
      value: 0
      objectReference: {fileID: 0}
    - target: {fileID: 6735946504558929171, guid: 8f173009cb4cbf442baa0aba2ea2a400,
        type: 3}
      propertyPath: m_LocalEulerAnglesHint.y
      value: 0
      objectReference: {fileID: 0}
    - target: {fileID: 6735946504558929171, guid: 8f173009cb4cbf442baa0aba2ea2a400,
        type: 3}
      propertyPath: m_LocalEulerAnglesHint.z
      value: 0
      objectReference: {fileID: 0}
    m_RemovedComponents: []
  m_SourcePrefab: {fileID: 100100000, guid: 8f173009cb4cbf442baa0aba2ea2a400, type: 3}
--- !u!1001 &7102484631501499614
PrefabInstance:
  m_ObjectHideFlags: 0
  serializedVersion: 2
  m_Modification:
    m_TransformParent: {fileID: 0}
    m_Modifications:
    - target: {fileID: 7102484631685351775, guid: 41c00a7c4a0ecfe4faa06f231ea40c28,
        type: 3}
      propertyPath: m_Name
      value: Structure3
      objectReference: {fileID: 0}
    - target: {fileID: 7102484631685351772, guid: 41c00a7c4a0ecfe4faa06f231ea40c28,
        type: 3}
      propertyPath: m_LocalPosition.x
      value: -4.74
      objectReference: {fileID: 0}
    - target: {fileID: 7102484631685351772, guid: 41c00a7c4a0ecfe4faa06f231ea40c28,
        type: 3}
      propertyPath: m_LocalPosition.y
      value: 0
      objectReference: {fileID: 0}
    - target: {fileID: 7102484631685351772, guid: 41c00a7c4a0ecfe4faa06f231ea40c28,
        type: 3}
      propertyPath: m_LocalPosition.z
      value: -7.68
      objectReference: {fileID: 0}
    - target: {fileID: 7102484631685351772, guid: 41c00a7c4a0ecfe4faa06f231ea40c28,
        type: 3}
      propertyPath: m_LocalRotation.x
      value: 0
      objectReference: {fileID: 0}
    - target: {fileID: 7102484631685351772, guid: 41c00a7c4a0ecfe4faa06f231ea40c28,
        type: 3}
      propertyPath: m_LocalRotation.y
      value: 0
      objectReference: {fileID: 0}
    - target: {fileID: 7102484631685351772, guid: 41c00a7c4a0ecfe4faa06f231ea40c28,
        type: 3}
      propertyPath: m_LocalRotation.z
      value: 0
      objectReference: {fileID: 0}
    - target: {fileID: 7102484631685351772, guid: 41c00a7c4a0ecfe4faa06f231ea40c28,
        type: 3}
      propertyPath: m_LocalRotation.w
      value: 1
      objectReference: {fileID: 0}
    - target: {fileID: 7102484631685351772, guid: 41c00a7c4a0ecfe4faa06f231ea40c28,
        type: 3}
      propertyPath: m_RootOrder
      value: 7
      objectReference: {fileID: 0}
    - target: {fileID: 7102484631685351772, guid: 41c00a7c4a0ecfe4faa06f231ea40c28,
        type: 3}
      propertyPath: m_LocalEulerAnglesHint.x
      value: 0
      objectReference: {fileID: 0}
    - target: {fileID: 7102484631685351772, guid: 41c00a7c4a0ecfe4faa06f231ea40c28,
        type: 3}
      propertyPath: m_LocalEulerAnglesHint.y
      value: 0
      objectReference: {fileID: 0}
    - target: {fileID: 7102484631685351772, guid: 41c00a7c4a0ecfe4faa06f231ea40c28,
        type: 3}
      propertyPath: m_LocalEulerAnglesHint.z
      value: 0
      objectReference: {fileID: 0}
    m_RemovedComponents: []
  m_SourcePrefab: {fileID: 100100000, guid: 41c00a7c4a0ecfe4faa06f231ea40c28, type: 3}
--- !u!1001 &7156200034906381625
PrefabInstance:
  m_ObjectHideFlags: 0
  serializedVersion: 2
  m_Modification:
    m_TransformParent: {fileID: 0}
    m_Modifications:
    - target: {fileID: 7156200034633579478, guid: 242919c37e28109419c237765593e30c,
        type: 3}
      propertyPath: m_Name
      value: Structure6
      objectReference: {fileID: 0}
    - target: {fileID: 7156200034633579465, guid: 242919c37e28109419c237765593e30c,
        type: 3}
      propertyPath: m_LocalPosition.x
      value: 7.9487615
      objectReference: {fileID: 0}
    - target: {fileID: 7156200034633579465, guid: 242919c37e28109419c237765593e30c,
        type: 3}
      propertyPath: m_LocalPosition.y
      value: 0
      objectReference: {fileID: 0}
    - target: {fileID: 7156200034633579465, guid: 242919c37e28109419c237765593e30c,
        type: 3}
      propertyPath: m_LocalPosition.z
      value: -13.01
      objectReference: {fileID: 0}
    - target: {fileID: 7156200034633579465, guid: 242919c37e28109419c237765593e30c,
        type: 3}
      propertyPath: m_LocalRotation.x
      value: 0
      objectReference: {fileID: 0}
    - target: {fileID: 7156200034633579465, guid: 242919c37e28109419c237765593e30c,
        type: 3}
      propertyPath: m_LocalRotation.y
      value: 0
      objectReference: {fileID: 0}
    - target: {fileID: 7156200034633579465, guid: 242919c37e28109419c237765593e30c,
        type: 3}
      propertyPath: m_LocalRotation.z
      value: 0
      objectReference: {fileID: 0}
    - target: {fileID: 7156200034633579465, guid: 242919c37e28109419c237765593e30c,
        type: 3}
      propertyPath: m_LocalRotation.w
      value: 1
      objectReference: {fileID: 0}
    - target: {fileID: 7156200034633579465, guid: 242919c37e28109419c237765593e30c,
        type: 3}
      propertyPath: m_RootOrder
      value: 9
      objectReference: {fileID: 0}
    - target: {fileID: 7156200034633579465, guid: 242919c37e28109419c237765593e30c,
        type: 3}
      propertyPath: m_LocalEulerAnglesHint.x
      value: 0
      objectReference: {fileID: 0}
    - target: {fileID: 7156200034633579465, guid: 242919c37e28109419c237765593e30c,
        type: 3}
      propertyPath: m_LocalEulerAnglesHint.y
      value: 0
      objectReference: {fileID: 0}
    - target: {fileID: 7156200034633579465, guid: 242919c37e28109419c237765593e30c,
        type: 3}
      propertyPath: m_LocalEulerAnglesHint.z
      value: 0
      objectReference: {fileID: 0}
    m_RemovedComponents: []
  m_SourcePrefab: {fileID: 100100000, guid: 242919c37e28109419c237765593e30c, type: 3}
--- !u!65 &8293096842931281049
BoxCollider:
  m_ObjectHideFlags: 0
  m_CorrespondingSourceObject: {fileID: 2555812819224043771, guid: bf99b3d8318dba547a507d4666109e97,
    type: 3}
  m_PrefabInstance: {fileID: 5795830990667005026}
  m_PrefabAsset: {fileID: 0}
  m_GameObject: {fileID: 8355871639631693871}
  m_Material: {fileID: 0}
  m_IsTrigger: 0
  m_Enabled: 1
  serializedVersion: 2
  m_Size: {x: 0.18000002, y: 0.090000026, z: 0.1800001}
  m_Center: {x: -0.000000014901161, y: 0.00000027753418, z: 0.09000003}
--- !u!33 &8324501026000561313
MeshFilter:
  m_ObjectHideFlags: 0
  m_CorrespondingSourceObject: {fileID: 2587454359386937539, guid: bf99b3d8318dba547a507d4666109e97,
    type: 3}
  m_PrefabInstance: {fileID: 5795830990667005026}
  m_PrefabAsset: {fileID: 0}
  m_GameObject: {fileID: 8355871639631693871}
  m_Mesh: {fileID: 4300000, guid: 9b62e54403e105f478adc54c17e59369, type: 3}
--- !u!23 &8332590379934554123
MeshRenderer:
  m_ObjectHideFlags: 0
  m_CorrespondingSourceObject: {fileID: 2579897765915927657, guid: bf99b3d8318dba547a507d4666109e97,
    type: 3}
  m_PrefabInstance: {fileID: 5795830990667005026}
  m_PrefabAsset: {fileID: 0}
  m_GameObject: {fileID: 8355871639631693871}
  m_Enabled: 1
  m_CastShadows: 1
  m_ReceiveShadows: 1
  m_DynamicOccludee: 1
  m_MotionVectors: 1
  m_LightProbeUsage: 1
  m_ReflectionProbeUsage: 1
  m_RenderingLayerMask: 1
  m_RendererPriority: 0
  m_Materials:
  - {fileID: 2100000, guid: 3bc6b0e54685dc2488b4f63fb67b87c1, type: 2}
  m_StaticBatchInfo:
    firstSubMesh: 0
    subMeshCount: 0
  m_StaticBatchRoot: {fileID: 0}
  m_ProbeAnchor: {fileID: 0}
  m_LightProbeVolumeOverride: {fileID: 0}
  m_ScaleInLightmap: 1
  m_PreserveUVs: 0
  m_IgnoreNormalsForChartDetection: 0
  m_ImportantGI: 0
  m_StitchLightmapSeams: 0
  m_SelectedEditorRenderState: 3
  m_MinimumChartSize: 4
  m_AutoUVMaxDistance: 0.5
  m_AutoUVMaxAngle: 89
  m_LightmapParameters: {fileID: 0}
  m_SortingLayerID: 0
  m_SortingLayer: 0
  m_SortingOrder: 0
--- !u!1 &8355871639631693871
GameObject:
  m_ObjectHideFlags: 0
  m_CorrespondingSourceObject: {fileID: 2565056621577909325, guid: bf99b3d8318dba547a507d4666109e97,
    type: 3}
  m_PrefabInstance: {fileID: 5795830990667005026}
  m_PrefabAsset: {fileID: 0}
  serializedVersion: 6
  m_Component:
  - component: {fileID: 8358347082133728987}
  - component: {fileID: 8324501026000561313}
  - component: {fileID: 8332590379934554123}
  - component: {fileID: 8293096842931281049}
  m_Layer: 0
  m_Name: wall_A
  m_TagString: Untagged
  m_Icon: {fileID: 0}
  m_NavMeshLayer: 0
  m_StaticEditorFlags: 0
  m_IsActive: 1
--- !u!4 &8358347082133728987
Transform:
  m_ObjectHideFlags: 0
  m_CorrespondingSourceObject: {fileID: 2562616319390831289, guid: bf99b3d8318dba547a507d4666109e97,
    type: 3}
  m_PrefabInstance: {fileID: 5795830990667005026}
  m_PrefabAsset: {fileID: 0}
  m_GameObject: {fileID: 8355871639631693871}
  m_LocalRotation: {x: -0.7071068, y: -0, z: -0, w: 0.7071068}
  m_LocalPosition: {x: 3.017, y: 0, z: 2.1168628}
  m_LocalScale: {x: 10, y: 10, z: 10}
  m_Children: []
  m_Father: {fileID: 1951714237}
  m_RootOrder: 0
  m_LocalEulerAnglesHint: {x: 0, y: 0, z: 0}
